@article{citkey,
author = {lastname, firstname},
journal = {Journal},
month = {January},
publisher = {Publisher},
title = {{Title of paper}},
volume = {1},
year = {2000}
}
